@inproceedings{mesos2011,
 author = {Hindman, Benjamin and Konwinski, Andy and Zaharia, Matei and Ghodsi, Ali and Joseph, Anthony D. and Katz, Randy and Shenker, Scott and Stoica, Ion},
 title = {Mesos: A Platform for Fine-grained Resource Sharing in the Data Center},
 booktitle = {Proceedings of the 8th USENIX Conference on Networked Systems Design and Implementation},
 series = {NSDI'11},
 year = {2011},
 location = {Boston, MA},
 pages = {295--308},
 numpages = {14},
 publisher = {USENIX Association},
 address = {Berkeley, CA, USA},
} 



@inproceedings{yarn2013,
  title={Apache hadoop yarn: Yet another resource negotiator},
  author={Vavilapalli, Vinod Kumar and Murthy, Arun C and Douglas, Chris and Agarwal, Sharad and Konar, Mahadev and Evans, Robert and Graves, Thomas and Lowe, Jason and Shah, Hitesh and Seth, Siddharth and others},
  booktitle={Proceedings of the 4th annual Symposium on Cloud Computing},
  pages={5},
  year={2013},
  organization={ACM}
}

@article{hadoopdb2009,
  title={HadoopDB: an architectural hybrid of MapReduce and DBMS technologies for analytical workloads},
  author={Abouzeid, Azza and Bajda-Pawlikowski, Kamil and Abadi, Daniel and Silberschatz, Avi and Rasin, Alexander},
  journal={Proceedings of the VLDB Endowment},
  volume={2},
  number={1},
  pages={922--933},
  year={2009},
  publisher={VLDB Endowment}
}

@inproceedings{s42010,
 author = {Neumeyer, Leonardo and Robbins, Bruce and Nair, Anish and Kesari, Anand},
 title = {S4: Distributed Stream Computing Platform},
 booktitle = {Proceedings of the 2010 IEEE International Conference on Data Mining Workshops},
 series = {ICDMW '10},
 year = {2010},
 isbn = {978-0-7695-4257-7},
 pages = {170--177},
 numpages = {8},
 acmid = {1934385},
 publisher = {IEEE Computer Society},
 address = {Washington, DC, USA}
} 

@inproceedings{spark-stream2012,
  title={Discretized streams: an efficient and fault-tolerant model for stream processing on large clusters},
  author={Zaharia, Matei and Das, Tathagata and Li, Haoyuan and Shenker, Scott and Stoica, Ion},
  booktitle={Proceedings of the 4th USENIX conference on Hot Topics in Cloud Ccomputing},
  pages={10--10},
  year={2012},
  organization={USENIX Association}
}

@inproceedings{spade2008,
 author = {Gedik, Bugra and Andrade, Henrique and Wu, Kun-Lung and Yu, Philip S. and Doo, Myungcheol},
 title = {SPADE: The System s Declarative Stream Processing Engine},
 booktitle = {Proceedings of the 2008 ACM SIGMOD International Conference on Management of Data},
 series = {SIGMOD '08},
 year = {2008},
 isbn = {978-1-60558-102-6},
 location = {Vancouver, Canada},
 pages = {1123--1134},
 numpages = {12},
 acmid = {1376729},
 publisher = {ACM},
 address = {New York, NY, USA}
} 


@inproceedings{ingestion2015,
  title={Data Ingestion in AsterixDB},
  author={Grover, Raman and Carey, M},
  year={2015},
  organization={EDBT}
}


@ARTICLE{in-memory2015, 
author={Hao Zhang and Gang Chen and Beng Chin Ooi and Kian-Lee Tan and Meihui Zhang}, 
journal={Knowledge and Data Engineering, IEEE Transactions on}, 
title={In-Memory Big Data Management and Processing: A Survey}, 
year={2015}, 
volume={27}, 
number={7}, 
pages={1920-1948}, 
ISSN={1041-4347}, 
month={July},}

@article{challenge2015,
 author = {Tan, Kian-Lee and Cai, Qingchao and Ooi, Beng Chin and Wong, Weng-Fai and Yao, Chang and Zhang, Hao},
 title = {In-memory Databases: Challenges and Opportunities From Software and Hardware Perspectives},
 journal = {SIGMOD Rec.},
 issue_date = {June 2015},
 volume = {44},
 number = {2},
 month = aug,
 year = {2015},
 issn = {0163-5808},
 pages = {35--40},
 numpages = {6},
 acmid = {2814717},
 publisher = {ACM},
 address = {New York, NY, USA},
} 

@inproceedings{join2015,
 author = {Barthels, Claude and Loesing, Simon and Alonso, Gustavo and Kossmann, Donald},
 title = {Rack-Scale In-Memory Join Processing Using RDMA},
 booktitle = {Proceedings of the 2015 ACM SIGMOD International Conference on Management of Data},
 series = {SIGMOD '15},
 year = {2015},
 isbn = {978-1-4503-2758-9},
 location = {Melbourne, Victoria, Australia},
 pages = {1463--1475},
 numpages = {13},
 acmid = {2750547},
 publisher = {ACM},
 address = {New York, NY, USA},
 keywords = {distributed join, distributed query processing, join processing with rdma, rack scale databases},
}

@article{scan-numa2015,
 author = {Psaroudakis, Iraklis and Scheuer, Tobias and May, Norman and Sellami, Abdelkader and Ailamaki, Anastasia},
 title = {Scaling Up Concurrent Main-memory Column-store Scans: Towards Adaptive NUMA-aware Data and Task Placement},
 journal = {Proc. VLDB Endow.},
 issue_date = {August 2015},
 volume = {8},
 number = {12},
 month = aug,
 year = {2015},
 issn = {2150-8097},
 pages = {1442--1453},
 numpages = {12},
 acmid = {2824043},
 publisher = {VLDB Endowment},
}

@article{processing-gpu2015,
 author = {He, Jiong and Zhang, Shuhao and He, Bingsheng},
 title = {In-cache Query Co-processing on Coupled CPU-GPU Architectures},
 journal = {Proc. VLDB Endow.},
 issue_date = {December 2014},
 volume = {8},
 number = {4},
 month = dec,
 year = {2014},
 issn = {2150-8097},
 pages = {329--340},
 numpages = {12},
 acmid = {2735497},
 publisher = {VLDB Endowment},
}

@article{m3r2012,
  title={M3R: increased performance for in-memory Hadoop jobs},
  author={Shinnar, Avraham and Cunningham, David and Saraswat, Vijay and Herta, Benjamin},
  journal={Proceedings of the VLDB Endowment},
  volume={5},
  number={12},
  pages={1736--1747},
  year={2012},
  publisher={VLDB Endowment}
}

@inproceedings{spark2012,
  title={Resilient distributed datasets: A fault-tolerant abstraction for in-memory cluster computing},
  author={Zaharia, Matei and Chowdhury, Mosharaf and Das, Tathagata and Dave, Ankur and Ma, Justin and McCauley, Murphy and Franklin, Michael J and Shenker, Scott and Stoica, Ion},
  booktitle={Proceedings of the 9th USENIX conference on Networked Systems Design and Implementation},
  pages={2--2},
  year={2012},
  organization={USENIX Association}
}

@inproceedings{platform2011,
  title={A platform for scalable one-pass analytics using MapReduce},
  author={Li, Boduo and Mazur, Edward and Diao, Yanlei and McGregor, Andrew and Shenoy, Prashant},
  booktitle={Proceedings of the 2011 ACM SIGMOD International Conference on Management of data},
  pages={985--996},
  year={2011},
  organization={ACM}
}

@article{mapreduce2008,
  title={MapReduce: simplified data processing on large clusters},
  author={Dean, Jeffrey and Ghemawat, Sanjay},
  journal={Communications of the ACM},
  volume={51},
  number={1},
  pages={107--113},
  year={2008},
  publisher={ACM}
}