%% This BibTeX bibliography file was created using BibDesk.
%% http://bibdesk.sourceforge.net/


%% Created for luochen at 2015-03-09 09:43:21 +0800 


%% Saved with string encoding Unicode (UTF-8) 




@inproceedings{model2015,
  title={Inferring Software Behavioral Models with MapReduce},
  author = {Chen Luo and Fei He and Carlo Ghezzi},
  booktitle={Symposium on Dependable Software Engineering (accepted)},
  year={2015},
  organization={Springer}
}

